@inproceedings{Wu:2005:ULM:1068511.1069402,
 author = {Wu, Jie and Aberer, Karl},
 title = {Using a Layered Markov Model for Distributed Web Ranking Computation},
 booktitle = {Proceedings of the 25th IEEE International Conference on Distributed Computing Systems},
 series = {ICDCS '05},
 year = {2005},
 isbn = {0-7695-2331-5},
 pages = {533--542},
 numpages = {10},
 url = {http://dx.doi.org.oca.ucsc.edu/10.1109/ICDCS.2005.84},
 doi = {10.1109/ICDCS.2005.84},
 acmid = {1069402},
 publisher = {IEEE Computer Society},
 address = {Washington, DC, USA},
} 

@inproceedings{Haveliwala:2002:TP:511446.511513,
 author = {Haveliwala, Taher H.},
 title = {Topic-sensitive PageRank},
 booktitle = {Proceedings of the 11th International Conference on World Wide Web},
 series = {WWW '02},
 year = {2002},
 isbn = {1-58113-449-5},
 location = {Honolulu, Hawaii, USA},
 pages = {517--526},
 numpages = {10},
 url = {http://doi.acm.org.oca.ucsc.edu/10.1145/511446.511513},
 doi = {10.1145/511446.511513},
 acmid = {511513},
 publisher = {ACM},
 address = {New York, NY, USA},
 keywords = {PageRank, link structure, personalized search, search, search in context, web graph},
} 

@inproceedings{chamberlin1974sequel,
  title={SEQUEL: A structured English query language},
  author={Chamberlin, Donald D and Boyce, Raymond F},
  booktitle={Proceedings of the 1974 ACM SIGFIDET (now SIGMOD) workshop on Data description, access and control},
  pages={249--264},
  year={1974},
  organization={ACM}
}

@inproceedings{astrahan1975system,
  title={System R: A relational data base management system},
  author={Astrahan, Morton M and Chamberlin, Donald D and King, W Frank and Traiger, Irving L},
  booktitle={IBM Germany Scientific Symposium Series},
  pages={139--148},
  year={1975},
  organization={Springer}
}

@article{boyce1975specifying,
  title={Specifying queries as relational expressions: The SQUARE data sublanguage},
  author={Boyce, Raymond F and Chamberlin, Donald D and King III, W Frank and Hammer, Michael M},
  journal={Communications of the ACM},
  volume={18},
  number={11},
  pages={621--628},
  year={1975},
  publisher={ACM}
}

